@misc{bowman_ahmed_2019, title={Compiling Dependent Types Without Continuations}, author={Bowman, William J. and Ahmed, Amal}, year={2019}} 

@article{bowman_ahmed_2018, title={Typed Closure Conversion for the Calculus of Constructions}, DOI={10.1145/3192366.3192372}, journal={Proceedings of the 39th ACM SIGPLAN Conference on Programming Language Design and Implementation - PLDI 2018}, author={Bowman, William J. and Ahmed, Amal}, year={2018}} 

@phdthesis{bowman_2019, title={Compiling with Dependent Types}, author={Bowman, William J.}, year={2019}} 